<record><leader>00000cas a22000007a 4500</leader><controlfield tag="001">497023058</controlfield><controlfield tag="008">100112c20019999nyuwr n       0   a0eng  </controlfield><datafield ind1=" " ind2=" " tag="010"><subfield code="a">  2010200650</subfield></datafield><datafield ind1=" " ind2=" " tag="040"><subfield code="a">DLC</subfield><subfield code="b">eng</subfield><subfield code="c">DLC</subfield><subfield code="d">DLC</subfield><subfield code="d">OCLCQ</subfield></datafield><datafield ind1=" " ind2=" " tag="012"><subfield code="l">1</subfield></datafield><datafield ind1="0" ind2=" " tag="022"><subfield code="a">2152-8969</subfield><subfield code="l">2152-8969</subfield><subfield code="2">1</subfield></datafield><datafield ind1=" " ind2=" " tag="037"><subfield code="b">General Media Strategies, 500 West 37th Street, 3rd Fl, New York, NY 10018</subfield><subfield code="c">$18.00 (annually)</subfield></datafield><datafield ind1=" " ind2=" " tag="042"><subfield code="a">pcc</subfield><subfield code="a">nsdp</subfield></datafield><datafield ind1="1" ind2="0" tag="050"><subfield code="a">ISSN RECORD</subfield></datafield><datafield ind1="1" ind2="0" tag="082"><subfield code="a">051</subfield><subfield code="2">14</subfield></datafield><datafield ind1="0" ind2=" " tag="130"><subfield code="a">New York journal (General Media Strategies)</subfield></datafield><datafield ind1=" " ind2="4" tag="222"><subfield code="a">The New York journal</subfield><subfield code="b">(General Media Strategies)</subfield></datafield><datafield ind1="1" ind2="4" tag="245"><subfield code="a">The New York journal.</subfield></datafield><datafield ind1=" " ind2=" " tag="260"><subfield code="a">New York, NY :</subfield><subfield code="b">General Media Strategies</subfield></datafield><datafield ind1=" " ind2=" " tag="310"><subfield code="a">Weekly</subfield></datafield><datafield ind1="1" ind2=" " tag="362"><subfield code="a">Began with vol. 1, no. 1 (2001).</subfield></datafield><datafield ind1=" " ind2=" " tag="588"><subfield code="a">Description based on: Vol. 9, no. 42 (Oct. 15/21, 2009); title from caption.</subfield></datafield></record>